% Encoding: ISO-8859-1
@phdthesis{1,
author = {Uluc Saranl{\i}},
school = {The University of Michigan},
title = {Dynamic locomotion with a hexapod robot},
year = {2002},
}

@article{2,
author = {Nasa. All-terrain hex-limbed extra-terrestrial explorer},
volume = {2009},
url = {https://www-robotics.jpl.nasa.gov/systems/system.cfm?System=11},
}

@article{3,
author = {Franco Tedeschi and Giuseppe Carbone},
journal = {Robotics},
number = {2},
pages = {181-206},
title = {Designissues for hexapod walking robots},
volume = {3},
year = {2014},
}

@Book{4,
  title =   {Boston Dynamics},
  year =    {2015},
  author =  {Boston Dynamics},
  address = {Boston dynamics},
  url =     {http://www.bostondynamics.com/robot\_bigdog.html}
}

@book{5,
address = {Boston dynamics},
author = {Boston Dynamics},
publisher = {Dedicated to the science and art of how things move},
year = {2015},
url = {http://www.bostondynamics.com/robot\_ls3.html},
}

@incollection{11h,
address = {; Pro Literatur Verlag ARS},
author = {Schneider, A. and Schmucker, U.},
booktitle = {Mobile Robotics},
editor = {Moving Intelligence and Buchli, J.},
pages = {125-174},
publisher = {Germany; Austria},
title = {Force sensing for multi-legged walking robots: Theory and experiments part 1: Overview and force sensing},
year = {2006},
}

@inproceedings{12h,
author = {Peternella, M. and Salinari, S.},
booktitle = {Proceedings of the 5th IFAC Symposium on Automatic Control in Space of the Conference},
editor = {Genova, Italy},
month = {June},
title = {Simulation by digital computer of walking machine control system},
year = {1973},
}

@inproceedings{13h,
address = {CA, USA, 20},
author = {Okhotsimski, D. and Platonov, A.},
booktitle = {Proceedings of the 3rd International Joint Conference on Artificial Intelligence},
month = {August},
publisher = {Stanford},
title = {Control algorithm of the walking climbing over obstacles},
year = {1973},
}

@article{14h,
author = {Gurfinkel, V. and Gurfinkel, E. and Devjanin, E. and Efremov, E. and Zhicharev, D. and Lensky, A. and Schneider, A. and Shtilman, L. Investigation of robotics},
journal = {p},
pages = {98-147},
title = {In Six-legged Walking Model of Vehicle with Supervisory Control; Nauka Press: Moscow, Russia, 1982;},
unidentified = {p},
}

@article{15h,
author = {McGhee, R.},
journal = {In Proceedings of the},
month = {December},
pages = {205-215},
title = {Control of legged locomotion systems},
volume = {18},
year = {1977},
unidentified = {th Automatic Control Conference, San Francisco, CA, USA, 3--8},
}

@article{17h,
author = {Byrd, J. and de Vries, K. A},
journal = {Int. J. Robot},
pages = {43-52},
title = {six-legged telerobot for nuclear applications development},
volume = {9},
year = {1990},
comment = {Res},
}

@unpublished{6,
author = {E. Z. Moore and M. Buehler},
note = {Technical report, DTIC Document},
title = {Stable stair climbing in a simple hexapod robot},
year = {2001},
}

@article{7,
author = {Xilun Ding and Alberto Rovetta and J. M. Zhu and Zhiying Wang},
journal = {INTECH Open Access Publishe},
title = {Locomotion analysis of hexapod robot},
year = {2010},
}

@inproceedings{8,
author = {S. Manoiu-Olaru and M. Nitulescu and V. Stoian},
booktitle = {System Theory, Control, and Computing (ICSTCC), 15th International Conference on},
pages = {1--6},
title = {Hexapod robot. Mathematical support for modeling and control},
year = {2011},
}

@article{9,
author = {S. Cousins},
journal = {IEEE Robotics Automation Magazine},
month = {March},
number = {1},
pages = {19--20},
title = {Exponential growth of ROS [ros topics]},
volume = {18},
year = {2011},
}

@inproceedings{11,
address = {Taiwan},
author = {W. A. Lewinger and R. D. Quinn},
booktitle = {the IEEE/RSJ international conference on intelligent robots \& systems (IROS)},
month = {October},
pages = {18-22},
publisher = {IEEE/RSJ},
title = {A hexapod walks over irregular terrain using a controller adapted from an insects nervous system},
year = {2010},
}

@article{12,
author = {Filipp Seljanko},
title = {”Hexapod walking Robot gait generation using genetic gravitational hybrid algorithm” in the 15th International Conference on Advanced Robotics, Estonia, June 20-23},
volume = {2011},
year = {2011},
}

@article{13,
author = {MohdDaud and KenzoNonami},
journal = {robotics \& Mechatronics},
number = {1},
title = {Autonomous walking over obstacles by means of LRF for hexapod robot COMET-IV},
volume = {24},
year = {2012},
}

@inproceedings{14,
address = {Tallinn},
author = {William A. Lewinger and H. MartinReekie},
booktitle = {the 15th international conference on advanced robotics},
title = {A hexapod robot modeled on the stick insect carausiusmorosus},
year = {2011},
}

@inproceedings{15,
address = {New Mexico},
author = {G.M.Nelson,R.D.Quinn},
booktitle = {the IEEE international conference on Robotics \& automation},
publisher = {IEEE},
title = {Design  \& simulation  of a crockroach  like-Hexapod   robot},
year = {1997},
}

@article{16,
author = {Hamid Mehdigholi\&SaeedAkbarnejad},
journal = {ISSN},
pages = {1996-7209},
title = {” Optimization of watt’s six-bar linkage to generate straight\& parallel leg motion” in the journal of Humanoids},
year = {2012},
}

@article{17,
author = {KanYoneda},
journal = {journal of robotics \&   mechatronics},
number = {2},
title = {Light weight quadruped with nine actuators},
volume = {19},
year = {2007},
}

@article{18,
author = {Dürr, V. and Schmitz, J. and Cruse, H.},
journal = {Arthropod Structure \& Development},
pages = {237-250},
title = {“Behaviour-based modeling of hexapod locomotion: linking biology and technical application”},
volume = {33},
year = {2004},
}

@Misc{10,
  author =       {Digia},
  title =        {Qt project},
  howpublished = {\url{http://qt-project.org}},
  year =         {2017},
  owner =        {moah},
  timestamp =    {2017.06.22},
  url =          {http://qt-project.org}
}
